<?xml version="1.0" encoding="UTF-8"?>
  <record xmlns="http://www.loc.gov/MARC21/slim" type="Authority">
    <leader>00000nz  a2200000nc 4500</leader>
    <controlfield tag="001">118555642</controlfield>
    <controlfield tag="003">DE-101</controlfield>
    <controlfield tag="005">20220311161657.0</controlfield>
    <controlfield tag="008">880701n||azznnaabn           | aaa    |c</controlfield>
    <datafield tag="024" ind1="7" ind2=" ">
      <subfield code="a">118555642</subfield>
      <subfield code="0">http://d-nb.info/gnd/118555642</subfield>
      <subfield code="2">gnd</subfield>
    </datafield>
    <datafield tag="035" ind1=" " ind2=" ">
      <subfield code="a">(DE-101)118555642</subfield>
    </datafield>
    <datafield tag="035" ind1=" " ind2=" ">
      <subfield code="a">(DE-588)118555642</subfield>
    </datafield>
    <datafield tag="035" ind1=" " ind2=" ">
      <subfield code="z">(DE-588)1122845170</subfield>
    </datafield>
    <datafield tag="035" ind1=" " ind2=" ">
      <subfield code="z">(DE-588)1056533919</subfield>
    </datafield>
    <datafield tag="035" ind1=" " ind2=" ">
      <subfield code="z">(DE-588a)118555642</subfield>
      <subfield code="9">v:zg</subfield>
    </datafield>
    <datafield tag="035" ind1=" " ind2=" ">
      <subfield code="z">(DE-588a)188010106</subfield>
    </datafield>
    <datafield tag="035" ind1=" " ind2=" ">
      <subfield code="z">(DE-588a)159739160</subfield>
    </datafield>
    <datafield tag="035" ind1=" " ind2=" ">
      <subfield code="z">(DE-588a)119719061</subfield>
    </datafield>
    <datafield tag="035" ind1=" " ind2=" ">
      <subfield code="z">(DE-588a)100785743</subfield>
    </datafield>
    <datafield tag="035" ind1=" " ind2=" ">
      <subfield code="z">(DE-588c)4027092-0</subfield>
      <subfield code="9">v:zg</subfield>
    </datafield>
    <datafield tag="040" ind1=" " ind2=" ">
      <subfield code="a">DE-101</subfield>
      <subfield code="c">DE-101</subfield>
      <subfield code="9">r:DE-101</subfield>
      <subfield code="b">ger</subfield>
      <subfield code="d">9999</subfield>
    </datafield>
    <datafield tag="042" ind1=" " ind2=" ">
      <subfield code="a">gnd1</subfield>
    </datafield>
    <datafield tag="043" ind1=" " ind2=" ">
      <subfield code="c">XA-VA</subfield>
    </datafield>
    <datafield tag="065" ind1=" " ind2=" ">
      <subfield code="a">3.6p</subfield>
      <subfield code="2">sswd</subfield>
    </datafield>
    <datafield tag="065" ind1=" " ind2=" ">
      <subfield code="a">16.5p</subfield>
      <subfield code="2">sswd</subfield>
    </datafield>
    <datafield tag="075" ind1=" " ind2=" ">
      <subfield code="b">p</subfield>
      <subfield code="2">gndgen</subfield>
    </datafield>
    <datafield tag="075" ind1=" " ind2=" ">
      <subfield code="b">piz</subfield>
      <subfield code="2">gndspec</subfield>
    </datafield>
    <datafield tag="079" ind1=" " ind2=" ">
      <subfield code="a">g</subfield>
      <subfield code="q">s</subfield>
      <subfield code="q">f</subfield>
      <subfield code="q">n</subfield>
      <subfield code="q">d</subfield>
      <subfield code="u">v</subfield>
      <subfield code="u">w</subfield>
      <subfield code="u">o</subfield>
    </datafield>
    <datafield tag="100" ind1="0" ind2=" ">
      <subfield code="a">Innozenz</subfield>
      <subfield code="b">III.</subfield>
      <subfield code="c">Papst</subfield>
      <subfield code="d">1160-1216</subfield>
    </datafield>
    <datafield tag="400" ind1="0" ind2=" ">
      <subfield code="a">Innocentius</subfield>
      <subfield code="b">III.</subfield>
      <subfield code="c">Papa</subfield>
      <subfield code="d">1160-1216</subfield>
    </datafield>
    <datafield tag="400" ind1="1" ind2=" ">
      <subfield code="a">Conti, Lotario</subfield>
      <subfield code="d">1160-1216</subfield>
    </datafield>
    <datafield tag="400" ind1="1" ind2=" ">
      <subfield code="a">Conti, Lothaire &#152;de'&#156;</subfield>
      <subfield code="d">1160-1216</subfield>
    </datafield>
    <datafield tag="400" ind1="1" ind2=" ">
      <subfield code="a">De'Conti, Lothaire</subfield>
      <subfield code="d">1160-1216</subfield>
    </datafield>
    <datafield tag="400" ind1="1" ind2=" ">
      <subfield code="a">De Conti, Lothaire</subfield>
      <subfield code="d">1160-1216</subfield>
    </datafield>
    <datafield tag="400" ind1="1" ind2=" ">
      <subfield code="a">DeConti, Lothaire</subfield>
      <subfield code="d">1160-1216</subfield>
    </datafield>
    <datafield tag="400" ind1="0" ind2=" ">
      <subfield code="a">Diacon Lotharius</subfield>
      <subfield code="d">1160-1216</subfield>
    </datafield>
    <datafield tag="400" ind1="1" ind2=" ">
      <subfield code="a">DiSegni, Lotario</subfield>
      <subfield code="d">1160-1216</subfield>
    </datafield>
    <datafield tag="400" ind1="1" ind2=" ">
      <subfield code="a">Di Segni, Lotario</subfield>
      <subfield code="d">1160-1216</subfield>
    </datafield>
    <datafield tag="400" ind1="0" ind2=" ">
      <subfield code="a">Innocent</subfield>
      <subfield code="b">III.</subfield>
      <subfield code="c">Pape</subfield>
      <subfield code="d">1160-1216</subfield>
    </datafield>
    <datafield tag="400" ind1="0" ind2=" ">
      <subfield code="a">Innocent</subfield>
      <subfield code="c">III</subfield>
      <subfield code="d">1160-1216</subfield>
    </datafield>
    <datafield tag="400" ind1="0" ind2=" ">
      <subfield code="a">Innocent III.</subfield>
      <subfield code="c">Pape</subfield>
      <subfield code="d">1160-1216</subfield>
    </datafield>
    <datafield tag="400" ind1="0" ind2=" ">
      <subfield code="a">Innocentius</subfield>
      <subfield code="b">III.</subfield>
      <subfield code="c">Romanus Pontifex</subfield>
      <subfield code="d">1160-1216</subfield>
    </datafield>
    <datafield tag="400" ind1="0" ind2=" ">
      <subfield code="a">Innocentius III.</subfield>
      <subfield code="c">Romanus Pontifex</subfield>
      <subfield code="d">1160-1216</subfield>
    </datafield>
    <datafield tag="400" ind1="0" ind2=" ">
      <subfield code="a">Innocentius III.</subfield>
      <subfield code="c">Papa</subfield>
      <subfield code="d">1160-1216</subfield>
    </datafield>
    <datafield tag="400" ind1="1" ind2=" ">
      <subfield code="a">Innocentius III, Pope</subfield>
      <subfield code="d">1160-1216</subfield>
    </datafield>
    <datafield tag="400" ind1="0" ind2=" ">
      <subfield code="a">Innocentus</subfield>
      <subfield code="b">III.</subfield>
      <subfield code="c">Papa</subfield>
      <subfield code="d">1160-1216</subfield>
    </datafield>
    <datafield tag="400" ind1="0" ind2=" ">
      <subfield code="a">Innocenz</subfield>
      <subfield code="b">III.</subfield>
      <subfield code="c">Papa</subfield>
      <subfield code="d">1160-1216</subfield>
    </datafield>
    <datafield tag="400" ind1="0" ind2=" ">
      <subfield code="a">Innocenz</subfield>
      <subfield code="b">III.</subfield>
      <subfield code="c">Papst</subfield>
      <subfield code="d">1160-1216</subfield>
    </datafield>
    <datafield tag="400" ind1="1" ind2=" ">
      <subfield code="a">Innocenz III, Pope</subfield>
      <subfield code="d">1160-1216</subfield>
    </datafield>
    <datafield tag="400" ind1="0" ind2=" ">
      <subfield code="a">Innocenzo III.</subfield>
      <subfield code="c">Papa</subfield>
      <subfield code="d">1160-1216</subfield>
    </datafield>
    <datafield tag="400" ind1="1" ind2=" ">
      <subfield code="a">Innocenzo III, Pope</subfield>
      <subfield code="d">1160-1216</subfield>
    </datafield>
    <datafield tag="400" ind1="0" ind2=" ">
      <subfield code="a">Innozenz III.</subfield>
      <subfield code="c">Papst</subfield>
      <subfield code="d">1160-1216</subfield>
    </datafield>
    <datafield tag="400" ind1="0" ind2=" ">
      <subfield code="a">Innozenz III.</subfield>
      <subfield code="d">1160-1216</subfield>
      <subfield code="9">v:Wikipedia</subfield>
    </datafield>
    <datafield tag="400" ind1="1" ind2=" ">
      <subfield code="a">Innozenz III, Pope</subfield>
      <subfield code="d">1160-1216</subfield>
    </datafield>
    <datafield tag="400" ind1="0" ind2=" ">
      <subfield code="a">Inokentij</subfield>
      <subfield code="b">III.</subfield>
      <subfield code="c">Papa</subfield>
      <subfield code="d">1160-1216</subfield>
    </datafield>
    <datafield tag="400" ind1="0" ind2=" ">
      <subfield code="a">Lotario</subfield>
      <subfield code="c">de Segni</subfield>
      <subfield code="d">1160-1216</subfield>
    </datafield>
    <datafield tag="400" ind1="0" ind2=" ">
      <subfield code="a">Lothario</subfield>
      <subfield code="c">Conti</subfield>
      <subfield code="d">1160-1216</subfield>
    </datafield>
    <datafield tag="400" ind1="0" ind2=" ">
      <subfield code="a">Lotharius</subfield>
      <subfield code="d">1160-1216</subfield>
    </datafield>
    <datafield tag="400" ind1="0" ind2=" ">
      <subfield code="a">Lotharius</subfield>
      <subfield code="c">Anagninus</subfield>
      <subfield code="d">1160-1216</subfield>
    </datafield>
    <datafield tag="400" ind1="0" ind2=" ">
      <subfield code="a">Lotharius</subfield>
      <subfield code="c">de Segni</subfield>
      <subfield code="d">1160-1216</subfield>
    </datafield>
    <datafield tag="400" ind1="0" ind2=" ">
      <subfield code="a">Lotharius</subfield>
      <subfield code="c">Diacon</subfield>
      <subfield code="d">1160-1216</subfield>
    </datafield>
    <datafield tag="400" ind1="0" ind2=" ">
      <subfield code="a">Lotharius</subfield>
      <subfield code="c">di Segni</subfield>
      <subfield code="d">1160-1216</subfield>
    </datafield>
    <datafield tag="400" ind1="0" ind2=" ">
      <subfield code="a">Papa Innocentius III.</subfield>
      <subfield code="d">1160-1216</subfield>
    </datafield>
    <datafield tag="400" ind1="0" ind2=" ">
      <subfield code="a">Papa Innocenzo III.</subfield>
      <subfield code="d">1160-1216</subfield>
    </datafield>
    <datafield tag="400" ind1="0" ind2=" ">
      <subfield code="a">Pape Innocent III.</subfield>
      <subfield code="d">1160-1216</subfield>
    </datafield>
    <datafield tag="400" ind1="0" ind2=" ">
      <subfield code="a">Papst Innozenz III.</subfield>
      <subfield code="d">1160-1216</subfield>
    </datafield>
    <datafield tag="400" ind1="0" ind2=" ">
      <subfield code="a">Romanus Pontifex Innocentius III.</subfield>
      <subfield code="d">1160-1216</subfield>
    </datafield>
    <datafield tag="400" ind1="1" ind2=" ">
      <subfield code="a">Segni, Lotario dei Conti &#152;di&#156;</subfield>
      <subfield code="d">1160-1216</subfield>
      <subfield code="9">v:Geburtsname</subfield>
    </datafield>
    <datafield tag="400" ind1="1" ind2=" ">
      <subfield code="a">Segni, Lotario &#152;di&#156;</subfield>
      <subfield code="d">1160-1216</subfield>
    </datafield>
    <datafield tag="400" ind1="1" ind2=" ">
      <subfield code="a">Segni, Lothair &#152;of&#156;</subfield>
      <subfield code="d">1160-1216</subfield>
    </datafield>
    <datafield tag="400" ind1="1" ind2=" ">
      <subfield code="a">Segni, Lothar &#152;von&#156;</subfield>
      <subfield code="d">1160-1216</subfield>
    </datafield>
    <datafield tag="400" ind1="0" ind2=" ">
      <subfield code="a">Innocentius III.</subfield>
      <subfield code="c">Papst</subfield>
      <subfield code="d">1160-1216</subfield>
    </datafield>
    <datafield tag="400" ind1="1" ind2=" ">
      <subfield code="a">Innocentius III., Papst</subfield>
      <subfield code="d">1160-1216</subfield>
      <subfield code="9">v:(VD-16)</subfield>
    </datafield>
    <datafield tag="400" ind1="1" ind2=" ">
      <subfield code="a">Anagninus, Lotharius</subfield>
      <subfield code="d">1160-1216</subfield>
    </datafield>
    <datafield tag="400" ind1="0" ind2=" ">
      <subfield code="a">Innocenzo</subfield>
      <subfield code="b">III.</subfield>
      <subfield code="c">Papa</subfield>
      <subfield code="d">1160-1216</subfield>
    </datafield>
    <datafield tag="400" ind1="0" ind2=" ">
      <subfield code="a">Johannes</subfield>
      <subfield code="c">Lotharius</subfield>
      <subfield code="d">1160-1216</subfield>
    </datafield>
    <datafield tag="400" ind1="0" ind2=" ">
      <subfield code="a">Lothaire</subfield>
      <subfield code="c">de'Conti</subfield>
      <subfield code="d">1160-1216</subfield>
    </datafield>
    <datafield tag="400" ind1="0" ind2=" ">
      <subfield code="a">Lothar</subfield>
      <subfield code="c">von Segni</subfield>
      <subfield code="d">1160-1216</subfield>
    </datafield>
    <datafield tag="400" ind1="0" ind2=" ">
      <subfield code="a">Lotario</subfield>
      <subfield code="c">di Segni</subfield>
      <subfield code="d">1160-1216</subfield>
    </datafield>
    <datafield tag="400" ind1="1" ind2=" ">
      <subfield code="a">Lotharius, Johannes</subfield>
      <subfield code="d">1160-1216</subfield>
    </datafield>
    <datafield tag="400" ind1="0" ind2=" ">
      <subfield code="a">Innocentius</subfield>
      <subfield code="b">III</subfield>
      <subfield code="c">Papst</subfield>
      <subfield code="d">1160-1216</subfield>
    </datafield>
    <datafield tag="400" ind1="0" ind2=" ">
      <subfield code="a">Innocentius</subfield>
      <subfield code="b">III</subfield>
      <subfield code="c">Papa</subfield>
      <subfield code="d">1160-1216</subfield>
    </datafield>
    <datafield tag="400" ind1="1" ind2=" ">
      <subfield code="a">Conti, Lothaire &#152;de&#156;</subfield>
      <subfield code="d">1160-1216</subfield>
    </datafield>
    <datafield tag="400" ind1="0" ind2=" ">
      <subfield code="a">Innocent</subfield>
      <subfield code="b">III</subfield>
      <subfield code="c">Pape</subfield>
      <subfield code="d">1160-1216</subfield>
    </datafield>
    <datafield tag="400" ind1="0" ind2=" ">
      <subfield code="a">Innocenzo</subfield>
      <subfield code="b">III</subfield>
      <subfield code="c">Papa</subfield>
      <subfield code="d">1160-1216</subfield>
    </datafield>
    <datafield tag="400" ind1="0" ind2=" ">
      <subfield code="a">Innozenz</subfield>
      <subfield code="b">III</subfield>
      <subfield code="c">Papst</subfield>
      <subfield code="d">1160-1216</subfield>
    </datafield>
    <datafield tag="400" ind1="1" ind2=" ">
      <subfield code="a">De Segni, Lotario</subfield>
      <subfield code="c">Papst</subfield>
      <subfield code="d">1160-1216</subfield>
    </datafield>
    <datafield tag="400" ind1="0" ind2=" ">
      <subfield code="a">Innocenzo</subfield>
      <subfield code="b">III</subfield>
      <subfield code="c">Papst</subfield>
      <subfield code="d">1160-1216</subfield>
    </datafield>
    <datafield tag="400" ind1="1" ind2=" ">
      <subfield code="a">Di Segni, Lotario</subfield>
      <subfield code="c">Papst</subfield>
      <subfield code="d">1160-1216</subfield>
    </datafield>
    <datafield tag="400" ind1="0" ind2=" ">
      <subfield code="a">Inocencio</subfield>
      <subfield code="b">III</subfield>
      <subfield code="c">Papst</subfield>
      <subfield code="d">1160-1216</subfield>
    </datafield>
    <datafield tag="400" ind1="0" ind2=" ">
      <subfield code="a">Innocent</subfield>
      <subfield code="b">III</subfield>
      <subfield code="c">Papst</subfield>
      <subfield code="d">1160-1216</subfield>
    </datafield>
    <datafield tag="400" ind1="1" ind2=" ">
      <subfield code="a">Segni, Lotario &#152;de&#156;</subfield>
      <subfield code="c">Papst</subfield>
      <subfield code="d">1160-1216</subfield>
    </datafield>
    <datafield tag="400" ind1="0" ind2=" ">
      <subfield code="a">Innocentius</subfield>
      <subfield code="c">Papa, III.</subfield>
      <subfield code="d">1160-1216</subfield>
    </datafield>
    <datafield tag="400" ind1="0" ind2=" ">
      <subfield code="a">Innocentius</subfield>
      <subfield code="b">3</subfield>
      <subfield code="c">Papst</subfield>
      <subfield code="d">1160-1216</subfield>
    </datafield>
    <datafield tag="400" ind1="0" ind2=" ">
      <subfield code="a">Innocenz</subfield>
      <subfield code="b">III</subfield>
      <subfield code="c">Papst</subfield>
      <subfield code="d">1160-1216</subfield>
    </datafield>
    <datafield tag="400" ind1="0" ind2=" ">
      <subfield code="a">Innocentius</subfield>
      <subfield code="b">3</subfield>
      <subfield code="c">Papa</subfield>
      <subfield code="d">1160-1216</subfield>
    </datafield>
    <datafield tag="400" ind1="0" ind2=" ">
      <subfield code="a">Lotharius</subfield>
      <subfield code="c">cardinalis</subfield>
      <subfield code="d">1160-1216</subfield>
    </datafield>
    <datafield tag="400" ind1="1" ind2=" ">
      <subfield code="a">De Segni, Lotario</subfield>
      <subfield code="d">1160-1216</subfield>
    </datafield>
    <datafield tag="400" ind1="0" ind2=" ">
      <subfield code="a">Lotharius</subfield>
      <subfield code="c">de Conti</subfield>
      <subfield code="d">1160-1216</subfield>
    </datafield>
    <datafield tag="500" ind1="1" ind2=" ">
      <subfield code="0">(DE-101)118505114</subfield>
      <subfield code="0">(DE-588)118505114</subfield>
      <subfield code="0">https://d-nb.info/gnd/118505114</subfield>
      <subfield code="a">Augustinus, Aurelius</subfield>
      <subfield code="c">Heiliger</subfield>
      <subfield code="d">354-430</subfield>
      <subfield code="4">beza</subfield>
      <subfield code="4">https://d-nb.info/standards/elementset/gnd#acquaintanceshipOrFriendship</subfield>
      <subfield code="w">r</subfield>
      <subfield code="i">Bekanntschaft</subfield>
      <subfield code="e">Bekanntschaft</subfield>
      <subfield code="9">v:VD-16 Mitverf.</subfield>
    </datafield>
    <datafield tag="500" ind1="1" ind2=" ">
      <subfield code="0">(DE-101)118521330</subfield>
      <subfield code="0">(DE-588)118521330</subfield>
      <subfield code="0">https://d-nb.info/gnd/118521330</subfield>
      <subfield code="a">Cochlaeus, Johannes</subfield>
      <subfield code="d">1479-1552</subfield>
      <subfield code="4">beza</subfield>
      <subfield code="4">https://d-nb.info/standards/elementset/gnd#acquaintanceshipOrFriendship</subfield>
      <subfield code="w">r</subfield>
      <subfield code="i">Bekanntschaft</subfield>
      <subfield code="e">Bekanntschaft</subfield>
      <subfield code="9">v:VD-16 Mitverf.</subfield>
    </datafield>
    <datafield tag="500" ind1="1" ind2=" ">
      <subfield code="0">(DE-101)116146125</subfield>
      <subfield code="0">(DE-588)116146125</subfield>
      <subfield code="0">https://d-nb.info/gnd/116146125</subfield>
      <subfield code="a">Dobereiner, Philipp</subfield>
      <subfield code="d">1535-1577</subfield>
      <subfield code="4">beza</subfield>
      <subfield code="4">https://d-nb.info/standards/elementset/gnd#acquaintanceshipOrFriendship</subfield>
      <subfield code="w">r</subfield>
      <subfield code="i">Bekanntschaft</subfield>
      <subfield code="e">Bekanntschaft</subfield>
      <subfield code="9">v:VD-16 Mitverf.</subfield>
    </datafield>
    <datafield tag="500" ind1="1" ind2=" ">
      <subfield code="0">(DE-101)119640619</subfield>
      <subfield code="0">(DE-588)119640619</subfield>
      <subfield code="0">https://d-nb.info/gnd/119640619</subfield>
      <subfield code="a">Cholinus, Maternus</subfield>
      <subfield code="d">1528-1588</subfield>
      <subfield code="4">beza</subfield>
      <subfield code="4">https://d-nb.info/standards/elementset/gnd#acquaintanceshipOrFriendship</subfield>
      <subfield code="w">r</subfield>
      <subfield code="i">Bekanntschaft</subfield>
      <subfield code="e">Bekanntschaft</subfield>
      <subfield code="9">v:VD-16 Mitverf.</subfield>
    </datafield>
    <datafield tag="500" ind1="0" ind2=" ">
      <subfield code="0">(DE-101)119723549</subfield>
      <subfield code="0">(DE-588)119723549</subfield>
      <subfield code="0">https://d-nb.info/gnd/119723549</subfield>
      <subfield code="a">Johann</subfield>
      <subfield code="c">von Neuß</subfield>
      <subfield code="4">beza</subfield>
      <subfield code="4">https://d-nb.info/standards/elementset/gnd#acquaintanceshipOrFriendship</subfield>
      <subfield code="w">r</subfield>
      <subfield code="i">Bekanntschaft</subfield>
      <subfield code="e">Bekanntschaft</subfield>
      <subfield code="9">v:VD-16 Mitverf.</subfield>
    </datafield>
    <datafield tag="500" ind1="0" ind2=" ">
      <subfield code="0">(DE-101)129324531</subfield>
      <subfield code="0">(DE-588)129324531</subfield>
      <subfield code="0">https://d-nb.info/gnd/129324531</subfield>
      <subfield code="a">Melchior</subfield>
      <subfield code="c">von Neuss</subfield>
      <subfield code="d">1525-1551</subfield>
      <subfield code="4">beza</subfield>
      <subfield code="4">https://d-nb.info/standards/elementset/gnd#acquaintanceshipOrFriendship</subfield>
      <subfield code="w">r</subfield>
      <subfield code="i">Bekanntschaft</subfield>
      <subfield code="e">Bekanntschaft</subfield>
      <subfield code="9">v:VD-16 Mitverf.</subfield>
    </datafield>
    <datafield tag="510" ind1="2" ind2=" ">
      <subfield code="0">(DE-101)1174341459</subfield>
      <subfield code="0">(DE-588)1174341459</subfield>
      <subfield code="0">https://d-nb.info/gnd/1174341459</subfield>
      <subfield code="a">Katholische Kirche</subfield>
      <subfield code="b">Papst</subfield>
      <subfield code="g">1198-1216 : Innozenz III.</subfield>
      <subfield code="4">vbal</subfield>
      <subfield code="4">https://d-nb.info/standards/elementset/gnd#relatedTerm</subfield>
      <subfield code="w">r</subfield>
      <subfield code="i">Verwandter Begriff</subfield>
      <subfield code="e">Verwandter Begriff</subfield>
    </datafield>
    <datafield tag="548" ind1=" " ind2=" ">
      <subfield code="a">1160-1216</subfield>
      <subfield code="4">datl</subfield>
      <subfield code="4">https://d-nb.info/standards/elementset/gnd#dateOfBirthAndDeath</subfield>
      <subfield code="w">r</subfield>
      <subfield code="i">Lebensdaten</subfield>
      <subfield code="9">v:anderslt. Geburtsjahr 1161</subfield>
    </datafield>
    <datafield tag="548" ind1=" " ind2=" ">
      <subfield code="a">1534-1575</subfield>
      <subfield code="4">datw</subfield>
      <subfield code="4">https://d-nb.info/standards/elementset/gnd#periodOfActivity</subfield>
      <subfield code="w">r</subfield>
      <subfield code="i">Wirkungsdaten</subfield>
      <subfield code="9">v:Erscheinungsjahre von Drucken im VD-16</subfield>
    </datafield>
    <datafield tag="550" ind1=" " ind2=" ">
      <subfield code="0">(DE-101)040445615</subfield>
      <subfield code="0">(DE-588)4044561-6</subfield>
      <subfield code="0">https://d-nb.info/gnd/4044561-6</subfield>
      <subfield code="a">Papst</subfield>
      <subfield code="4">berc</subfield>
      <subfield code="4">https://d-nb.info/standards/elementset/gnd#professionOrOccupation</subfield>
      <subfield code="w">r</subfield>
      <subfield code="i">Charakteristischer Beruf</subfield>
    </datafield>
    <datafield tag="550" ind1=" " ind2=" ">
      <subfield code="0">(DE-101)040445615</subfield>
      <subfield code="0">(DE-588)4044561-6</subfield>
      <subfield code="0">https://d-nb.info/gnd/4044561-6</subfield>
      <subfield code="a">Papst</subfield>
      <subfield code="4">obin</subfield>
      <subfield code="4">https://d-nb.info/standards/elementset/gnd#broaderTermInstantial</subfield>
      <subfield code="w">r</subfield>
      <subfield code="i">Oberbegriff instantiell</subfield>
    </datafield>
    <datafield tag="551" ind1=" " ind2=" ">
      <subfield code="0">(DE-101)949623407</subfield>
      <subfield code="0">(DE-588)4440235-1</subfield>
      <subfield code="0">https://d-nb.info/gnd/4440235-1</subfield>
      <subfield code="a">Segni</subfield>
      <subfield code="4">ortg</subfield>
      <subfield code="4">https://d-nb.info/standards/elementset/gnd#placeOfBirth</subfield>
      <subfield code="w">r</subfield>
      <subfield code="i">Geburtsort</subfield>
    </datafield>
    <datafield tag="551" ind1=" " ind2=" ">
      <subfield code="0">(DE-101)040453146</subfield>
      <subfield code="0">(DE-588)4045314-5</subfield>
      <subfield code="0">https://d-nb.info/gnd/4045314-5</subfield>
      <subfield code="a">Perugia</subfield>
      <subfield code="4">orts</subfield>
      <subfield code="4">https://d-nb.info/standards/elementset/gnd#placeOfDeath</subfield>
      <subfield code="w">r</subfield>
      <subfield code="i">Sterbeort</subfield>
    </datafield>
    <datafield tag="667" ind1=" " ind2=" ">
      <subfield code="a">12-PMA</subfield>
    </datafield>
    <datafield tag="667" ind1=" " ind2=" ">
      <subfield code="a">12</subfield>
    </datafield>
    <datafield tag="667" ind1=" " ind2=" ">
      <subfield code="a">7</subfield>
    </datafield>
    <datafield tag="667" ind1=" " ind2=" ">
      <subfield code="a">VD-16</subfield>
    </datafield>
    <datafield tag="667" ind1=" " ind2=" ">
      <subfield code="a">Maschinell verknuepft mit DBL-Retro-Titeldaten</subfield>
    </datafield>
    <datafield tag="667" ind1=" " ind2=" ">
      <subfield code="a">VD-17</subfield>
    </datafield>
    <datafield tag="667" ind1=" " ind2=" ">
      <subfield code="a">Gem. KIDS (Info DNB: Z: 1160-1216 Z: 1198/1216 Z: anderslt. Geburtsjahr 1161)</subfield>
    </datafield>
    <datafield tag="670" ind1=" " ind2=" ">
      <subfield code="a">LMA,V,434/37</subfield>
    </datafield>
    <datafield tag="670" ind1=" " ind2=" ">
      <subfield code="a">M, B 2005</subfield>
    </datafield>
    <datafield tag="672" ind1=" " ind2="0">
      <subfield code="a">De miseria conditionis humanae</subfield>
      <subfield code="f">1503</subfield>
    </datafield>
    <datafield tag="672" ind1=" " ind2="0">
      <subfield code="a">De miseria conditionis humanae</subfield>
      <subfield code="f">1506</subfield>
    </datafield>
    <datafield tag="672" ind1=" " ind2="0">
      <subfield code="a">De miseria conditionis humanae</subfield>
      <subfield code="f">1509</subfield>
    </datafield>
    <datafield tag="672" ind1=" " ind2="0">
      <subfield code="a">In septem psalmos poenitentiales Davidis commentaria</subfield>
      <subfield code="f">1551</subfield>
    </datafield>
    <datafield tag="672" ind1=" " ind2="0">
      <subfield code="a">Epistolarum Libri IV ; Regestorum 13, 14, 15, 16</subfield>
      <subfield code="f">1635</subfield>
    </datafield>
    <datafield tag="672" ind1=" " ind2="0">
      <subfield code="a">Epistolarum Libri XI</subfield>
      <subfield code="f">1682</subfield>
    </datafield>
    <datafield tag="672" ind1=" " ind2="0">
      <subfield code="a">Epistolae</subfield>
      <subfield code="f">1682</subfield>
    </datafield>
    <datafield tag="672" ind1=" " ind2="0">
      <subfield code="a">Leo &lt;Papa, VII.&gt;: Quaedam epistolae summorum pontificum Leonis, Alexandri III. et Innocen*</subfield>
      <subfield code="f">1694</subfield>
    </datafield>
    <datafield tag="672" ind1=" " ind2="0">
      <subfield code="a">Innocentius III. &lt;Papst&gt;: Jnnocentij PaPAE, HOC NOMINE TERtij, Libri sex, de sacro Altaris mysterio, ex uetusto ... 1534. (VD16 I 229)</subfield>
    </datafield>
    <datafield tag="672" ind1=" " ind2="0">
      <subfield code="a">Innocentius III. &lt;Papst&gt;: LIBER DE CONTEMPTV MVNDI,SIVE DE MISERIA CONDITIONIS HVMANAE,A DOMINO INNOCENTIO PAPA ... 1534. (VD16 I 227)</subfield>
    </datafield>
    <datafield tag="672" ind1=" " ind2="0">
      <subfield code="a">... 1552. (VD16 I 221)</subfield>
    </datafield>
    <datafield tag="672" ind1=" " ind2="0">
      <subfield code="a">... 1552. (VD16 ZV 8581)</subfield>
    </datafield>
    <datafield tag="672" ind1=" " ind2="0">
      <subfield code="a">Innocentius III. &lt;Papst&gt;: De ebrietate vitanda. 1561. (VD16 I 228)</subfield>
    </datafield>
    <datafield tag="672" ind1=" " ind2="0">
      <subfield code="a">Innocentius III. &lt;Papst&gt;: DE CONTEMPTV MVNDI. Von verachtung der Welt vnnd weltlicher ueppigkeyt auch darbey von ... 1565. (VD16 ZV 21272)</subfield>
    </datafield>
    <datafield tag="672" ind1=" " ind2="0">
      <subfield code="a">... 1575. (VD16 I 222)</subfield>
    </datafield>
    <datafield tag="672" ind1=" " ind2="0">
      <subfield code="a">Innocentius III. &lt;Papst&gt;: D. INNOCENTII PONTIFICIS MAXIMI EIVS NOMINIS III. VIRI ERVDITISSImi simul atq</subfield>
    </datafield>
    <datafield tag="672" ind1=" " ind2="0">
      <subfield code="a">Innocentius III. &lt;Papst&gt;: OPERA D.INNOCENTII PONTIFICIS MAXIMI EIVS HOMINIS III. VIRI ERVditissimi simul atq</subfield>
    </datafield>
    <datafield tag="672" ind1=" " ind2="0">
      <subfield code="a">Innocentius III. &lt;Papst&gt;: OPERA D.INNOCENTII PONTIFICIS MAXIMI, EIVS NOMINIS III. VIRI ERVditissimi simul atq</subfield>
    </datafield>
    <datafield tag="678" ind1=" " ind2=" ">
      <subfield code="b">Papst; Verf.; Bearb. im VD-16</subfield>
    </datafield>
    <datafield tag="678" ind1=" " ind2=" ">
      <subfield code="b">Erscheinungsjahre im VD-16</subfield>
    </datafield>
    <datafield tag="700" ind1="1" ind2="4">
      <subfield code="a">Innocent III, Pope</subfield>
      <subfield code="d">1160-1216</subfield>
    </datafield>
    <datafield tag="913" ind1=" " ind2=" ">
      <subfield code="S">pnd</subfield>
      <subfield code="i">5</subfield>
      <subfield code="a">Innocentius &lt;Papa, III.&gt;</subfield>
      <subfield code="0">(DE-588a)118555642</subfield>
    </datafield>
    <datafield tag="913" ind1=" " ind2=" ">
      <subfield code="S">pnd</subfield>
      <subfield code="i">5</subfield>
      <subfield code="a">Innozenz &lt;Papst, III.&gt;</subfield>
      <subfield code="0">(DE-588a)118555642</subfield>
    </datafield>
  </record>
